@article{Demsar2016BalancedMixture,
    title = {{A Balanced Mixture of Antagonistic Pressures Promotes the Evolution of Parallel Movement}},
    year = {2016},
    journal = {Scientific Reports},
    author = {Dem{\v{s}}ar, Jure and {\v{S}}trumbelj, Erik and Lebar Bajec, Iztok},
    volume = {6},
    doi = {10.1038/srep39428}
}

@article{Demsar2017LinguisticEvolution,
    title = {{Evolution of Collective Behaviour in an Artificial World Using Linguistic Fuzzy Rule-Based Systems}},
    year = {2017},
    journal = {PLoS ONE},
    author = {Dem{\v{s}}ar, Jure and Lebar Bajec, Iztok},
    number = {1},
    pages = {1--20},
    volume = {12},
    doi = {10.1371/journal.pone.0168876}
}

@misc{gewi2024,
  title = {GEWI Traffic Information Center (TIC) Software},
  author = {{GEWI}},
  howpublished = {\url{https://en.wikipedia.org/wiki/GEWI}},
  note = {Accessed: 2024-03-21}
}

@article{trafficgpt2024,
  author = {Sun, Yuantong and Yang, Xiangjie and Li, Bowen and Zhang, Chen},
  title = {TrafficGPT: Multi-scale Traffic Generation with AI Agents},
  journal = {arXiv preprint arXiv:2405.05985},
  year = {2024},
  url = {https://arxiv.org/abs/2405.05985},
  note = {Accessed: 2024-03-21}
}

@misc{waze2024,
  author = {Hawkins, Andrew J.},
  title = {Waze now lets you report incidents by using your voice},
  howpublished = {\url{https://www.theverge.com/2024/10/31/24284037/waze-report-incidents-voice}},
  year = {2024},
  note = {Accessed: 2024-03-21}
}